@misc{SC51,
	title={Interface Spec. Ref. Data Managem. - Contr. VSCS-Berlin},
	author={ALCATEL},
	year={2006}
}

@misc{SC05,
	title={Schnittstellenbeschreibung Prozessdatenaustausch},
	author={SPO},
	year={2004}
}

@misc{OraDump,
	title={Ora Dump to MySQL},
	url={https://www.convert-in.com/ord2sql.htm},
	url-date={2017-11-21},
	author={Intelligent Converters}
}

@misc{kotlin,
	title={Kotlin - Das bessere Java},
	url={http://helmbold.de/artikel/kotlin/},
	url-date={2018-01-02},
	author={Christian Helmbold}
}

@book{scala,
	title={Programming in Scala},
	author={Martin Odersky and Lex Spoon, Bill Venners},
	year={2016},
	edition={Third edition},
	publisher={Artima Press}
}

@misc{spark,
	title={Spark},
	url={http://sparkjava.com},
	url-date={2018-01-02},
	author={Per Wendel}
}

@misc{haversine,
	title={Calculate the Distance between Two Points in your Web Apps},
	url={https://www.htmlgoodies.com/beyond/javascript/calculate-the-distance-between-two-points-in-your-web-apps.html},
	url-date={2017-12-23},
	author={Rob Gravelle}
}

@misc{geojson,
	title={The GeoJSON Format},
	author={H. Butler},
	url={https://tools.ietf.org/html/rfc7946},
	url-date={2018-01-04}
}

@misc{osm,
	title={Open Street Map},
	url={https://www.openstreetmap.de},
	url-date={2018-01-04}
}

@misc{osm-was,
	title={Was ist OpenStreetMap?},
	url={https://www.openstreetmap.de/faq.html#was_ist_osm},
	url-date={2018-01-04}
}

@misc{osm-api-6,
	title={API v0.6},
	url={http://wiki.openstreetmap.org/wiki/API_v0.6},
	url-date={2018-01-04}
}

@misc{osm-wiki,
	title={OpenStreetMap Wiki},
	url={http://wiki.openstreetmap.org/wiki/Main_Page},
	url-date={2018-01-04}
}

@misc{osm-feature,
	title={Map Features},
	url={http://wiki.openstreetmap.org/wiki/Map_Features},
	url-date={2018-01-04}
}
	
@misc{osm-route,
	title={Route types (route)},
	url={http://wiki.openstreetmap.org/wiki/Relation:route#Route_types_.28route.29},
	url-date={2018-01-04}
}

@misc{overpass,
	title={overpass turbo},
	url={https://overpass-turbo.eu/},
	url-date={2018-01-04}
}

@misc{osm-overpass,
	title={Overpass API},
	url={http://wiki.openstreetmap.org/wiki/Overpass_API},
	url-date={2017-12-07}
}

@misc{soap,
	title={Performanceanalyse von SOAP- und REST- basierten Services in einer Linguistic Resources Umgebung},
	author={Sebastian Sander},
	url={http://lips.informatik.uni-leipzig.de/files/Diplomarbeit.pdf},
	url-date={2018-01-04}
}

@misc{android-geojson,
	title={SHOW A GEOJSON LAYER ON GOOGLE MAPS/OSM/MAPBOX WITH ANDROID SDK},
	url={https://www.nextome.net/show-geojson-layer-google-mapsosmmapbox-android-sdk/},
	url-date={2017-12-19}
}

@misc{master,
	title={A predictive-control framework to eliminate bus bunching},
	author={Matthias Andres},
	url={https://kluedo.ub.uni-kl.de/frontdoor/index/index/docId/4500},
}